@InProceedings{DBLP:conf/concur/AbdullaCDHHR10,
  author    = {Parosh Aziz Abdulla and
               Yu-Fang Chen and
               Giorgio Delzanno and
               Fr{\'e}d{\'e}ric Haziza and
               Chih-Duo Hong and
               Ahmed Rezine},
  title     = {Constrained Monotonic Abstraction: A {CEGAR} for Parameterized
               Verification},
  booktitle = {CONCUR},
  year      = {2010},
  pages     = {86-101},
}

@Proceedings{DBLP:conf/concur/2010,
  title     = {CONCUR 2010 - Concurrency Theory, 21th International Conference,
               CONCUR 2010, Paris, France, August 31-September 3, 2010.
               Proceedings},
  booktitle = {CONCUR},
  publisher = {Springer},
  series    = {LNCS},
  volume    = {6269},
  year      = {2010},
  isbn      = {978-3-642-15374-7},
}

@ARTICLE{Holzmann:spin,
  author    = {Gerard J. Holzmann},
  title     = {The Model Checker {SPIN}},
  journal   = {{IEEE} Trans. Software Eng.},
  volume    = {23},
  number    = {5},
  pages     = {279--295},
  year      = {1997},
  url       = {https://doi.org/10.1109/32.588521},
  doi       = {10.1109/32.588521},
}
                  
@Article{AJUV15,
  author = {Fides Aarts and Bengt \textbf{Jonsson} and Johan Uijen and Frits W. Vaandrager},
  title = {Generating Models of Infinite-State Communication Protocols using Regular Inference with Abstraction},
  journal = {Formal Methods in System Design},
  volume = {46},
  number = {1},
  pages = {1--41},
  year = {2015},
  issn = {0925-9856},
  doi =	{10.1007/s10703-014-0216-x},
  url =	{http://dx.doi.org/10.1007/s10703-014-0216-x},
  publisher = {Springer},
}

@Article{Angluin1987,
  author = {Dana Angluin},
  title = {Learning Regular Sets from Queries and Counterexamples},
  journal = {Inform. and Comp.},
  volume = {75},
  number = {2},
  pages = {87--106},
  year = {1987},
  publisher = {Elsevier},
  url = {https://doi.org/10.1016/0890-5401(87)90052-6},
  doi = {10.1016/0890-5401(87)90052-6},
}

@InProceedings{Lucky13@SP-13,
  author = {AlFardan, Nadhem J. and Paterson, Kenneth G.},
  title = {Lucky thirteen: Breaking the {TLS} and {DTLS} record protocols},
  booktitle = {Symposium on Security and Privacy},
  pages = {526--540},
  year = {2013},
  organization = {IEEE},
  url = {https://www.ieee-security.org/TC/SP2013/papers/4977a526.pdf}
} 

@InProceedings{FlexTLS@WOOT-15,
  author = {Benjamin Beurdouche and
            Antoine Delignat-Lavaud and
	    Nadim Kobeissi and
	    Alfredo Pironti and
            Karthikeyan Bhargavan},
  title = {{FlexTLS}: A Tool for Testing {TLS} Implementations},
  booktitle = {USENIX Workshop on Offensive Technologies (WOOT 15)},
  numpages = {10},
  location = {Washington, D.C., USA},
  OPTmonth = aug,
  year = {2015},
  publisher = {USENIX Association},
  url = {https://www.usenix.org/system/files/conference/woot15/woot15-paper-beurdouche.pdf},
}

@Article{MessyTLS@CACM-17,
  author = {Benjamin Beurdouche and
            Karthikeyan Bhargavan and
            Antoine Delignat-Lavaud and
            C{\'e}dric Fournet and
            Markulf Kohlweiss and
            Alfredo Pironti and others},
  title = {A Messy State of the Union: Taming the Composite State Machines of {TLS}},
  journal = {Commun. {ACM}},
  volume = {60},
  number = {2},
  pages = {99--107},
  month = feb,
  year = {2017},
  doi = {10.1145/3023357},
  url = {https://doi.org/10.1145/3023357},
  publisher = {ACM}
}

@InProceedings{Bleichenbacher1998,
  author    = {Bleichenbacher, Daniel},
  title     = {Chosen ciphertext attacks against protocols based on the {RSA} encryption standard {PKCS} \#1},
  booktitle = {Advances in Cryptology - {CRYPTO} '98},
  OPTaddress= {Berlin / Heidelberg},
  OPTlocation= {Santa Barbara, CA, USA},
  publisher = {Springer},
  month     = aug,
  year      = {1998},
  pages     = {1--12},
  series    = {LNCS},
  volume    = {1462},
  url       = {https://doi.org/10.1007/BFb0055715},
  doi       = {10.1007/BFb0055715},
}

@InProceedings{BotincanB13,
  author    = {Matko Botincan and Domagoj Babic},
  title     = {Sigma*: Symbolic learning of input-output specifications},
  booktitle = {Principles of Programming Languages ({POPL} '13)},
  pages     = {443--456},
  publisher = {{ACM}},
  month     = jan,
  year      = {2013},
  url       = {https://doi.org/10.1145/2429069.2429123},
  doi       = {10.1145/2429069.2429123},
}

@Article{CasselHJS16,
  author = {Cassel, Sofia and Howar, Falk and \textbf{Jonsson}, Bengt and Steffen, Bernhard},
  title = {Active learning for extended finite state machines},
  journal = {Formal Aspects of Computing},
  year = {2016},
  month = apr,
  volume = {28},
  number = {2},
  pages = {233--263},
  url = "https://doi.org/10.1007/s00165-016-0355-5",
  doi = "10.1007/s00165-016-0355-5",
}

@Book{MC:handbook,
  editor    = {Edmund M. Clarke and
               Thomas A. Henzinger and
               Helmut Veith and
               Roderick Bloem},
  title     = {Handbook of Model Checking},
  publisher = {Springer},
  year      = {2018},
  url       = {https://doi.org/10.1007/978-3-319-10575-8},
  doi       = {10.1007/978-3-319-10575-8},
  isbn      = {978-3-319-10574-1},
}

@Article{DolevYao83,
  author = {Dolev, Danny and Yao, Andrew},
  title = {On the security of public key protocols}, 
  journal = {IEEE Trans. on Inf. Theory}, 
  year = {1983},
  volume = {29},
  number = {2},
  pages = {198--208},
  doi = {10.1109/TIT.1983.1056650}
}

@Article{BBC,
  author    = {Doron A. Peled and
               Moshe Y. Vardi and
               Mihalis Yannakakis},
  title     = {Black Box Checking},
  journal   = {J. Autom. Lang. Comb.},
  volume    = {7},
  number    = {2},
  pages     = {225--246},
  year      = {2002},
  url       = {https://doi.org/10.25596/jalc-2002-225},
  doi       = {10.25596/jalc-2002-225},
}

@article{adaptiveMC,
  author    = {Alex Groce and
               Doron A. Peled and
               Mihalis Yannakakis},
  title     = {Adaptive Model Checking},
  journal   = {Log. J. {IGPL}},
  volume    = {14},
  number    = {5},
  pages     = {729--744},
  year      = {2006},
  url       = {https://doi.org/10.1093/jigpal/jzl007},
  doi       = {10.1093/jigpal/jzl007},
}

@Article{GulwaniPS17,
  author    = {Sumit Gulwani and
               Oleksandr Polozov and
               Rishabh Singh},
  title     = {Program Synthesis},
  journal   = {Found. Trends Program. Lang.},
  volume    = {4},
  number    = {1-2},
  pages     = {1--119},
  year      = {2017},
  url       = {https://doi.org/10.1561/2500000010},
  doi       = {10.1561/2500000010},
}

@InCollection{IHS2014,
  author = {Isberner, Malte and Howar, Falk and Steffen, Bernhard},
  title = {The {TTT} Algorithm: {A} Redundancy-Free Approach to Active Automata Learning},
  booktitle = {Runtime Verification (RV 2014)},
  pages = {307--322},
  month = sep,
  year = {2014},
  series = {LNCS},
  volume = {8734},
  publisher = {Springer},
  location = {Toronto, ON, Canada},
  url = {https://doi.org/10.1007/978-3-319-11164-3_26},
  doi = {10.1007/978-3-319-11164-3_26},
}

@InProceedings{IHS2015, 
  author = "Isberner, Malte and Howar, Falk and Steffen, Bernhard",
  title = "The Open-Source {LearnLib} - {A} Framework for Active Automata Learning",
  bookTitle = "Computer Aided Verification ({CAV} 2015)",
  year = "2015",
  publisher = "Springer",
  series = {LNCS},
  volume = {9206},
  pages = "487--495",
  isbn = "978-3-319-21690-4",
  doi = "10.1007/978-3-319-21690-4_32",
  url = "https://dx.doi.org/10.1007/978-3-319-21690-4_32"
} 

@Article{HiPE@STTT-03,
   author = {Erik Johansson and Mikael Pettersson and
             Konstantinos Sagonas and Thomas Lindgren},
    title = {The Development of the {HiPE} System:
             Design and Experience Report},
  journal = {Springer International Journal of
             Software Tools for Technology Transfer},
   volume = {4},
   number = {4},
    pages = {421--436},
    month = aug,
     year = {2003},
publisher = {Springer}
}

@InProceedings{Concuerror@Erlang-11,
  author = {Gotovos, Alkis and Christakis, Maria and Sagonas, Konstantinos},
  title = {Test-driven development of concurrent programs using {Concuerror}},
  booktitle = {Erlang '11},
  year = {2011},
  isbn = {978-1-4503-0859-5},
  location = {Tokyo, Japan},
  pages = {51--61},
  publisher = {ACM}
}

@InProceedings{Proper@Erlang-11,
  author = {Papadakis, Manolis and Sagonas, Konstantinos},
  title = {A {PropEr} integration of types and function specifications with property-based testing},
  booktitle = {Erlang '11},
  year = {2011},
  pages = {39--50},
  publisher = {ACM}
} 

@InProceedings{PBT@SECON-15,
  author = {Andreas L\"oscher and Konstantinos \textbf{Sagonas} and Thiemo Voigt},
  title = {Property-based Testing of Sensor Networks},
  booktitle = {SECON 2015},
  pages = {100--108},
  year = {2015},
  month=jun,
  location={Seattle, WA},
  publisher={IEEE}
}
% doi={10.1109/SAHCN.2015.7338296},

@inproceedings{DeadlockAvoidance@PLOS-11,
  author = {Prodromos Gerakios and Nikolaos Papaspyrou and Konstantinos Sagonas and Panagiotis Vekris},
  title = {Dynamic deadlock avoidance in systems code using statically inferred effects},
  booktitle = {PLOS '11},
  year = {2011},
  isbn = {978-1-4503-0979-0},
  location = {Cascais, Portugal},
  pages = {1--5},
  url = {http://doi.acm.org/10.1145/2039239.2039247},
  doi = {10.1145/2039239.2039247},
  acmid = {2039247},
  publisher = {ACM}
} 

@InProceedings{TAMARIN@CAV-13,
  author = {Meier, Simon and Schmidt, Benedikt and Cremers, Cas and Basin, David},
  title = {The {TAMARIN} Prover for the Symbolic Analysis of Security Protocols},
  OPTeditor = {Sharygina, Natasha and Veith, Helmut},
  booktitle = {Computer Aided Verification},
  pages = {696--701},
  year = {2013},
  publisher = {Springer},
  address = {Berlin, Heidelberg},
}

@Article{Fuzz@CACM-90,
  author = {Miller, Barton P. and Fredriksen, Louis and So, Bryan},
  title = {An Empirical Study of the Reliability of {UNIX} Utilities},
  journal = {Commun. ACM},
  volume = {33},
  number = {12},
  pages = {32--44},
  numpages = {13},
  month = dec,
  year = {1990},
  issue_date = {Dec. 1990},
  publisher = {ACM},
  address = {New York, NY, USA},
  url = {https://doi.org/10.1145/96267.96279},
  doi = {10.1145/96267.96279},
} 

@Article{FuzzingSurvey@TSE-21,
  author = {Man{\`{e}}s, Valentin J. M. and Han, HyungSeok and Han, Choongwoo and Sang Kil Cha and Manuel Egele and Edward J. Schwartz and Maverick Woo},
  title = {The Art, Science, and Engineering of Fuzzing: A Survey},
  journal = {IEEE Transactions on Software Engineering},
  volume = {47},
  number = {11},
  pages = {2312--2331},
  year = {2021},
  address = {Los Alamitos, CA, USA},
  publisher = {IEEE Computer Society},
  url = {},
  doi = {10.1109/TSE.2019.2946563}
} 

@Article{FuzzingRoadmap@CompSurveys-22,
  author = {Zhu, Xiaogang and Wen, Sheng and Camtepe, Seyit and Xiang, Yang},
  title = {Fuzzing: A Survey for Roadmap},
  year = {2022},
  issue_date = {January 2022},
  publisher = {Association for Computing Machinery},
  address = {New York, NY, USA},
  volume = {54},
  number = {11s},
  issn = {0360-0300},
  url = {https://doi.org/10.1145/3512345},
  doi = {10.1145/3512345},
  journal = {ACM Comput. Surv.},
  OPTmonth = sep,
  articleno = {230},
  numpages = {36},
  keywords = {security, Fuzz testing, automation, input space, fuzzing theory}
}

@TechReport{ExitBlock,
  author    = {Derek Bruening and John Chapin},
  title     = {Systematic Testing of Multithreaded {Java} Programs},
  institution = {MIT},
  year      = {2000},
  number    = {LCS-TM-607}
}

@inproceedings{MuQa:pldi07,
  author    = {M. Musuvathi and
               Shaz Qadeer},
  title     = {Iterative context bounding for systematic testing of multithreaded
               programs},
  booktitle = {PLDI},
  year      = {2007},
  pages     = {446-455},
}

@inproceedings{DBLP:conf/rp/AbdullaCV11,
  author    = {Parosh Aziz Abdulla and
               Jonathan Cederberg and
               Tom{\'a}s Vojnar},
  title     = {Monotonic Abstraction for Programs with Multiply-Linked
               Structures},
  booktitle = {RP},
  year      = {2011},
  pages     = {125-138},
  ee        = {http://dx.doi.org/10.1007/978-3-642-24288-5_12},
  crossref  = {DBLP:conf/rp/2011},
  bibsource = {DBLP, http://dblp.uni-trier.de}
}

@proceedings{DBLP:conf/rp/2011,
  title     = {Reachability Problems - 5th International Workshop, RP 2011,
               Genoa, Italy, September 28-30, 2011. Proceedings},
  booktitle = {RP},
  publisher = {Springer},
  series    = {LNCS},
  volume    = {6945},
  year      = {2011},
  isbn      = {978-3-642-24287-8},
  ee        = {http://dx.doi.org/10.1007/978-3-642-24288-5},
  bibsource = {DBLP, http://dblp.uni-trier.de}
}

@inproceedings{ThreadModular,
  author    = {Cormac Flanagan and
               Shaz Qadeer},
  title     = {Thread-Modular Model Checking},
  booktitle = {SPIN},
  year      = {2003},
  pages     = {213-224},
  ee        = {http://dx.doi.org/10.1007/3-540-44829-2_14},
  crossref  = {spin03},
  bibsource = {DBLP, http://dblp.uni-trier.de}
}

@proceedings{spin03,
  editor    = {Thomas Ball and
               Sriram K. Rajamani},
  title     = {Model Checking Software, 10th International SPIN Workshop.
               Portland, OR, USA, May 9-10, 2003, Proceedings},
  booktitle = {SPIN},
  publisher = {Springer},
  series    = {LNCS},
  volume    = {2648},
  year      = {2003},
  isbn      = {3-540-40117-2},
  bibsource = {DBLP, http://dblp.uni-trier.de}
}
                  
@inproceedings{JNPS:cav09,
  author    = {P. Joshi and
               M. Naik and
               C.-S. Park and
               Koushik Sen},
  title     = {{CalFuzzer}: An Extensible Active Testing Framework for Concurrent
               Programs},
  booktitle = {CAV},
  pages     = {675-681},
  publisher = {Springer},
  series    = {LNCS},
  volume    = {5643},
  year      = {2009},
}

@inproceedings{JaSe:fse10,
  author    = {N. Jalbert and
               Koushik Sen},
  title     = {A trace simplification technique for effective debugging
               of concurrent programs},
  booktitle = {SIGSOFT FSE},
  year      = {2010},
  pages     = {57-66},
  publisher = {ACM},
}

@article{Astree@FMSD-09,
  author    = {Patrick Cousot and
               Radhia Cousot and
               J{\'{e}}r{\^{o}}me Feret and
               Laurent Mauborgne and
               Antoine Min{\'{e}} and
               Xavier Rival},
  title     = {Why does {Astr{\'{e}}e} scale up?},
  journal   = {Formal Methods in System Design},
  volume    = {35},
  number    = {3},
  pages     = {229--264},
  year      = {2009},
  url       = {http://dx.doi.org/10.1007/s10703-009-0089-6},
  doi       = {10.1007/s10703-009-0089-6},
}

@TechReport{ExitBlock,
  author    = {Derek Bruening and John Chapin},
  title     = {Systematic Testing of Multithreaded {Java} Programs},
  institution = {MIT},
  year      = {2000},
  number    = {LCS-TM-607}
}

@inproceedings{MuQa:pldi07,
  author    = {M. Musuvathi and
               Shaz Qadeer},
  title     = {Iterative context bounding for systematic testing of multithreaded
               programs},
  booktitle = {PLDI},
  year      = {2007},
  pages     = {446-455},
}

@inproceedings{DBLP:conf/rp/AbdullaCV11,
  author    = {Parosh Aziz Abdulla and
               Jonathan Cederberg and
               Tom{\'a}s Vojnar},
  title     = {Monotonic Abstraction for Programs with Multiply-Linked
               Structures},
  booktitle = {RP},
  year      = {2011},
  pages     = {125-138},
  ee        = {http://dx.doi.org/10.1007/978-3-642-24288-5_12},
  crossref  = {DBLP:conf/rp/2011},
  bibsource = {DBLP, http://dblp.uni-trier.de}
}

@proceedings{DBLP:conf/rp/2011,
  title     = {Reachability Problems - 5th International Workshop, RP 2011,
               Genoa, Italy, September 28-30, 2011. Proceedings},
  booktitle = {RP},
  publisher = {Springer},
  series    = {LNCS},
  volume    = {6945},
  year      = {2011},
  isbn      = {978-3-642-24287-8},
  ee        = {http://dx.doi.org/10.1007/978-3-642-24288-5},
  bibsource = {DBLP, http://dblp.uni-trier.de}
}

@inproceedings{ThreadModular,
  author    = {Cormac Flanagan and
               Shaz Qadeer},
  title     = {Thread-Modular Model Checking},
  booktitle = {SPIN},
  year      = {2003},
  pages     = {213-224},
  ee        = {http://dx.doi.org/10.1007/3-540-44829-2_14},
  crossref  = {spin03},
  bibsource = {DBLP, http://dblp.uni-trier.de}
}

@proceedings{spin03,
  editor    = {Thomas Ball and
               Sriram K. Rajamani},
  title     = {Model Checking Software, 10th International SPIN Workshop.
               Portland, OR, USA, May 9-10, 2003, Proceedings},
  booktitle = {SPIN},
  publisher = {Springer},
  series    = {LNCS},
  volume    = {2648},
  year      = {2003},
  isbn      = {3-540-40117-2},
  bibsource = {DBLP, http://dblp.uni-trier.de}
}
                  
@inproceedings{JNPS:cav09,
  author    = {P. Joshi and
               M. Naik and
               C.-S. Park and
               Koushik Sen},
  title     = {{CalFuzzer}: An Extensible Active Testing Framework for Concurrent
               Programs},
  booktitle = {CAV},
  pages     = {675-681},
  publisher = {Springer},
  series    = {LNCS},
  volume    = {5643},
  year      = {2009},
}

@inproceedings{JaSe:fse10,
  author    = {N. Jalbert and
               Koushik Sen},
  title     = {A trace simplification technique for effective debugging
               of concurrent programs},
  booktitle = {SIGSOFT FSE},
  year      = {2010},
  pages     = {57-66},
  publisher = {ACM},
}

@article{Astree@FMSD-09,
  author    = {Patrick Cousot and
               Radhia Cousot and
               J{\'{e}}r{\^{o}}me Feret and
               Laurent Mauborgne and
               Antoine Min{\'{e}} and
               Xavier Rival},
  title     = {Why does {Astr{\'{e}}e} scale up?},
  journal   = {Formal Methods in System Design},
  volume    = {35},
  number    = {3},
  pages     = {229--264},
  year      = {2009},
  url       = {http://dx.doi.org/10.1007/s10703-009-0089-6},
  doi       = {10.1007/s10703-009-0089-6},
}

@InProceedings{FJV2016,
  author = {Paul Fiter\u{a}u-Bro\c{s}tean and Ramon Janssen and Frits W. Vaandrager},
  title = {Combining Model Learning and Model Checking to Analyze {TCP} Implementations},
  booktitle = {Computer Aided Verification (CAV 2016)},
  pages = {454--471},
  year = {2016},
  series = {LNCS},
  OPTvolume = {9780},
  publisher = {Springer},
  url = {https://doi.org/10.1007/978-3-319-41540-6\_25},
  doi = {10.1007/978-3-319-41540-6\_25},
}

@Article{guo2019model,
  author = {Guo, Jiaxing and Gu, Chunxiang and Chen, Xi and Wei, Fushan},
  title = {Model Learning and Model Checking of {IPSec} Implementations for {Internet of Things}},
  journal = {IEEE Access},
  volume = {7},
  pages = {171322--171332},
  month = nov,
  year = {2019},
  publisher = {IEEE},
  url = {https://ieeexplore.ieee.org/document/8913552},
  doi = {10.1109/ACCESS.2019.2956062},
}

@InProceedings{SSH@SPIN-17,
  author = {Paul Fiter\u{a}u-Bro\c{s}tean and Toon Lenaerts and Joeri de Ruiter and Erik Poll and Frits W. Vaandrager and Patrick Verleg},
  title = {Model Learning and Model Checking of {SSH} Implementations},
  booktitle = {SPIN 2017},
  month = jul,
  year = {2017},
  isbn = {978-1-4503-5077-8},
  location = {Santa Barbara, CA, USA},
  pages = {142--151},
  publisher = {ACM},
  url = {https://doi.org/10.1145/3092282.3092289},
  doi = {10.1145/3092282.3092289},
} 

@InProceedings{DTLS@USENIX-20,
  author = {Paul Fiter\u{a}u-Bro\c{s}tean and Bengt \textbf{Jonsson} and Robert Merget and Joeri de Ruiter and Konstantinos \textbf{Sagonas} and Juraj Somorovsky},
  title = {Analysis of {DTLS} Implementations Using Protocol State Fuzzing},
  booktitle = {29th {USENIX} Security Symposium},
  pages = {2523--2540},
  OPTmonth = aug,
  year = {2020},
  url = {https://www.usenix.org/conference/usenixsecurity20/presentation/fiterau-brostean},
  OPTpublisher = {{USENIX} Association},
}

@InProceedings{DTLS-Fuzzer@ICST-22,
  author    = {Paul Fiterau{-}Brostean and
               Bengt \textbf{Jonsson} and
               Konstantinos \textbf{Sagonas} and
               Fredrik T{\aa}quist},
  title     = {{DTLS-Fuzzer}: {A} {DTLS} Protocol State Fuzzer},
  booktitle = {15th {IEEE} Conference on Software Testing, Verification and Validation},
  OPTseries = {{ICST} 2022},
  pages     = {456--458},
  location  = {Valencia, Spain},
  publisher = {{IEEE}},
  month     = apr,
  year      = {2022},
  url       = {https://doi.org/10.1109/ICST53961.2022.00051},
  doi       = {10.1109/ICST53961.2022.00051},
}


@InProceedings{AutomataBased@NDSS-23,
  author = {Paul Fiter\u{a}u-Bro\c{s}tean and
            Bengt \textbf{Jonsson} and
	    Konstantinos \textbf{Sagonas} and
	    Fredrik T{\aa}quist},
  title = {Automata-Based Automated Detection of State Machine Bugs in Protocol Implementations},
  booktitle = {{NDSS} 2023},
  pages     = {},
  location  = {San Diego, CA, USA},
  publisher = {The Internet Society},
  month     = feb # "/" # mar,
  year      = {2023},
  url       = {https://www.ndss-symposium.org/wp-content/uploads/2023/02/ndss2023_s68_paper.pdf},
}

@InProceedings{SoManyFuzzers@ASE-22,
  author    = {Clement Poncelet and
               Konstantinos \textbf{Sagonas} and
               Nicolas Tsiftes},
  title     = {So Many Fuzzers, So Little Time: Experience from
               Evaluating Fuzzers on the {Contiki-NG} Network (Hay)Stack},
  booktitle = {37th {IEEE/ACM} Conf. on {ASE} 2022},
  location  = {Rochester, MI, USA},
  pages     = {95:1--95:12},
  publisher = {{ACM}},
  month     = oct,
  year      = {2022},
  url       = {https://doi.org/10.1145/3551349.3556946},
  doi       = {10.1145/3551349.3556946},
}

@InProceedings{ruiter2015,
  author = {{de Ruiter}, Joeri and Poll, Erik},
  title = {Protocol State Fuzzing of {TLS} Implementations},
  booktitle = {24th {USENIX} Security Symposium},
  pages = {193--206},
  publisher = {USENIX Association},
  location = {Washington, D.C., USA},
  month = aug,
  year = {2015},
  url = {https://www.usenix.org/conference/usenixsecurity15/technical-sessions/presentation/de-ruiter},
}

@InProceedings{somorovsky2016,
  author = {Somorovsky, Juraj},
  title = {Systematic Fuzzing and Testing of {TLS} Libraries},
  booktitle = {CCS '16},
  year = {2016},
  isbn = {978-1-4503-4139-4},
  location = {Vienna, Austria},
  pages = {1492--1504},
  numpages = {13},
  url = {http://doi.acm.org/10.1145/2976749.2978411},
  doi = {10.1145/2976749.2978411},
  acmid = {2978411},
  publisher = {ACM},
  OPTaddress = {New York, NY, USA},
  keywords = {TLS, fuzzing, padding oracle attack},
}

@InProceedings{stone2018,
  author = {McMahon Stone, Chris and Chothia, Tom and de Ruiter, Joeri},
  title = {Extending Automated Protocol State Learning for the 802.11 4-Way Handshake},
  booktitle = {Computer Security},
  pages = {325--345},
  month = aug,
  year = {2018},
  series = {LNCS},
  volume = {11098},
  publisher = {Springer},
  address = {Cham},
  doi = {10.1007/978-3-319-99073-6_16},
}

@InProceedings{SFADiff,
  author    = {George Argyros and
               Ioannis Stais and
               Suman Jana and
               Angelos D. Keromytis and
               Aggelos Kiayias},
  OPTedito  = {Edgar R. Weippl and
               Stefan Katzenbeisser and
               Christopher Kruegel and
               Andrew C. Myers and
               Shai Halevi},
  title     = {{SFADiff}: Automated Evasion Attacks and Fingerprinting
               Using Black-box Differential Automata Learning},
  booktitle = {{CCS} '16},
  pages     = {1690--1701},
  publisher = {{ACM}},
  location  = {Vienna, Austria},
  month     = oct,
  year      = {2016},
  url       = {https://doi.org/10.1145/2976749.2978383},
  doi       = {10.1145/2976749.2978383},
}

@InProceedings{Themis:ccs21,
  author    = {Zhongjie Wang and
               Shitong Zhu and
               Keyu Man and
               Pengxiong Zhu and
               Yu Hao and
               Zhiyun Qian and
               Srikanth V. Krishnamurthy and
               Tom La Porta and
               Michael J. De Lucia},
  OPTeditor = {Trent Jaeger and
               Zhiyun Qian},
  title     = {Themis: Ambiguity-Aware Network Intrusion Detection based on
	       Symbolic Model Comparison},
  booktitle = {{MTD}},
  OPTpages  = {31--32},
  publisher = {{ACM}},
  year      = {2021},
  month     = nov,
  location  = {Virtual Event, Republic of Korea},
  url       = {https://doi.org/10.1145/3474370.3485669},
  doi       = {10.1145/3474370.3485669},
}
                  
@inproceedings{Cao:ccs19,
  author    = {Yue Cao and
               Zhongjie Wang and
               Zhiyun Qian and
               Chengyu Song and
               Srikanth V. Krishnamurthy and
               Paul Yu},
  OPTeditor = {Lorenzo Cavallaro and
               Johannes Kinder and
               XiaoFeng Wang and
               Jonathan Katz},
  title     = {Principled Unearthing of {TCP} Side Channel Vulnerabilities},
  booktitle = {{CCS} '19},
  pages     = {211--224},
  location  = {London, UK},
  month     = nov,
  year      = {2019},
  publisher = {{ACM}},
  url       = {https://doi.org/10.1145/3319535.3354250},
  doi       = {10.1145/3319535.3354250},
}

@InProceedings{Jero:TCP,
  author    = {Samuel Jero and
               Md. Endadul Hoque and
               David R. Choffnes and
               Alan Mislove and
               Cristina Nita{-}Rotaru},
  title     = {Automated Attack Discovery in {TCP} Congestion Control Using a
	       Model-guided Approach},
  booktitle = {{ANRW} 2018},
  pages     = {95},
  publisher = {{ACM}},
  location  = {Montreal, QC, Canada},
  month     = jul,
  year      = {2018},
  url       = {https://doi.org/10.1145/3232755.3232769},
  doi       = {10.1145/3232755.3232769},
}

@InProceedings{Jero@DSN-15,
  author    = {Samuel Jero and
               Hyojeong Lee and
               Cristina Nita{-}Rotaru},
  title     = {Leveraging State Information for Automated Attack Discovery in
               Transport Protocol Implementations},
  booktitle = {{DSN} 2015},
  location  = {Rio de Janeiro, Brazil},
  month     = jun,
  year      = {2015},
  pages     = {1--12},
  publisher = {{IEEE} Computer Society},
  url       = {https://doi.org/10.1109/DSN.2015.22},
  doi       = {10.1109/DSN.2015.22},
}

@InProceedings{Hoque@DSN-17,
  author    = {Md. Endadul Hoque and
               Omar Chowdhury and
               Sze Yiu Chau and
               Cristina Nita{-}Rotaru and
               Ninghui Li},
  title     = {Analyzing Operational Behavior of Stateful Protocol Implementations
               for Detecting Semantic Bugs},
  booktitle = {{DSN} 2017},
  location  = {Denver, CO, USA},
  month     = jun,
  year      = {2017},
  pages     = {627--638},
  publisher = {{IEEE}},
  url       = {https://doi.org/10.1109/DSN.2017.36},
  doi       = {10.1109/DSN.2017.36},
}

@inproceedings{ACMN:interfaces,
  author    = {R. Alur and
               P. Cern{\'y} and
               P. Madhusudan and
               W. Nam},
  title     = {Synthesis of interface specifications for Java classes},
  booktitle = {POPL},
  publisher = {ACM},
  year      = {2005},
  pages     = {98-109},
}
                  
@inproceedings{HowarISBJ12,
  author    = {F. Howar and
               M. Isberner and
               B. Steffen and
               O. Bauer and
               B. Jonsson},
  title     = {Inferring Semantic Interfaces of Data Structures},
  booktitle = {Proc.\ {ISoLA} (1)},
  year      = {2012},
  pages     = {554-571},
  publisher = {Springer},
  series    = {LNCS},
  volume    = {7609}
} 
                  
@InProceedings{LTEInspector,
  author    = {Syed Rafiul Hussain and
               Omar Chowdhury and
               Shagufta Mehnaz and
               Elisa Bertino},
  title     = {{LTEInspector}: {A} Systematic Approach for Adversarial Testing
               of {4G} {LTE}},
  booktitle = {{NDSS} 2018},
  publisher = {The Internet Society},
  location  = {San Diego, CA, USA},
  month     = feb,
  year      = {2018},
  url       = {http://wp.internetsociety.org/ndss/wp-content/uploads/sites/25/2018/02/ndss2018\_02A-3\_Hussain\_paper.pdf},
}

@InProceedings{DIKEUE@CCS-21,
  author    = {Syed Rafiul Hussain and
               Imtiaz Karim and
               Abdullah Al Ishtiaq and
               Omar Chowdhury and
               Elisa Bertino},
  OPTeditor = {Yongdae Kim and
               Jong Kim and
               Giovanni Vigna and
               Elaine Shi},
  title     = {Noncompliance as Deviant Behavior: An Automated Black-box
               Noncompliance Checker for {4G} {LTE} Cellular Devices},
  booktitle = {{CCS} '21},
  pages     = {1082--1099},
  publisher = {{ACM}},
  OPTmonth  = nov,
  OPTyear   = {2021},
  url       = {https://doi.org/10.1145/3460120.3485388},
  doi       = {10.1145/3460120.3485388},
}

@InProceedings{Hu:usenix21,
  author    = {Shengtuo Hu and
               Qi Alfred Chen and
               Jiachen Sun and
               Yiheng Feng and
               Z. Morley Mao and
               Henry X. Liu},
  OPTeditor = {Michael Bailey and
               Rachel Greenstadt},
  title     = {Automated Discovery of Denial-of-Service Vulnerabilities in
	       Connected Vehicle Protocols},
  booktitle = {30th {USENIX} Security Symposium},
  pages     = {3219--3236},
  OPTpublisher = {{USENIX} Association},
  OPTmonth  = aug,
  year      = {2021},
  url       = {https://www.usenix.org/conference/usenixsecurity21/presentation/hu-shengtuo},
}
                 
@InProceedings{Tappler@ICST-2017,
  author    = {Martin Tappler and
               Bernhard K. Aichernig and
               Roderick Bloem},
  title     = {Model-Based Testing {IoT} Communication via Active Automata Learning},
  booktitle = {Software Testing, Verification and Validation ({ICST} 2017)},
  location  = {Tokyo, Japan},
  pages     = {276--287},
  month     = mar,
  year      = {2017},
  publisher = {{IEEE} Computer Society},
  url       = {https://doi.org/10.1109/ICST.2017.32},
  doi       = {10.1109/ICST.2017.32},
  keywords  = {active automata learning, LBT, protocols, testing},
}

@InProceedings{OpenVPN@EuroSPW-2018,
  author = {Daniel, Lesly-Ann and Poll, Erik and de Ruiter, Joeri},
  title = {Inferring {OpenVPN} State Machines Using Protocol State Fuzzing},
  booktitle = {{IEEE} European Symposium on Security and Privacy ({EuroS\&P}) Workshops},
  pages = {11--19},
  month = apr,
  year = {2018},
  organization = {IEEE},
  location = {London, U.K.},
  url = {https://doi.org/10.1109/EuroSPW.2018.00009},
  doi = {10.1109/EuroSPW.2018.00009},
}

@InProceedings{Prognosis@SIGCOMM-21,
  author    = {Tiago Ferreira and
               Harrison Brewton and
               Loris D'Antoni and
               Alexandra Silva},
  title     = {Prognosis: Closed-box Analysis of Network Protocol Implementations},
  booktitle = {{ACM} {SIGCOMM} 2021 Conference},
  pages     = {762--774},
  publisher = {{ACM}},
  month     = aug,
  year      = {2021},
  url       = {https://doi.org/10.1145/3452296.3472938},
  doi       = {10.1145/3452296.3472938},
}

@Misc{heartbleed,
  author = {Riku and Antti and Matti and Neel Mehta},
  title  = {Heartbleed, {CVE-2014-0160}},
  year   = {2015},
  url    = {http://heartbleed.com/},
}

@Misc{ONeil@MIT-TR-21,
  author = {Patrick Howell O'Neill},
  title  = {2021 has broken the record for zero-day hacking attacks},
  note   = {MIT Technology Review},
  month  = sep,
  year   = {2021},
  url    = {https://www.technologyreview.com/2021/09/23/1036140/2021-record-zero-day-hacks-reasons/}
}

@Article{Vaandrager@CACM-17,
  author    = {Frits W. Vaandrager},
  title     = {Model Learning},
  journal   = {Commun. {ACM}},
  volume    = {60},
  number    = {2},
  pages     = {86--95},
  year      = {2017},
  url       = {https://doi.org/10.1145/2967606},
  doi       = {10.1145/2967606},
}

@InCollection{Vaudenay:CBCWeaknesses:02,
  author    = {Vaudenay, Serge},
  title     = {Security Flaws Induced by {CBC} Padding - Applications to {SSL}, {IPSEC}, {WTLS} ...},
  booktitle = {Advances in Cryptology - EUROCRYPT 2002},
  pages     = {534--545},
  OPTeditor = {Knudsen, Lars},
  publisher = {Springer},
  OPTaddress= {Berlin / Heidelberg},
  year      = {2002},
  month     = apr,
  series    = {LNCS},
  volume    = {2332},
  doi       = {10.1007/3-540-46035-7_35},
  url       = {https://doi.org/10.1007/3-540-46035-7_35}
}

@Misc{AFL,
  key    = {AFL},
  author = {Zalewski, Micha{\l}},
  title  = {American Fuzzy Lop},
  month  = oct,
  year   = {2020},
  howpublished = {\url{http://lcamtuf.coredump.cx/afl/}},
  lastaccessed = {October 28, 2020},
}

@InProceedings{AFLNET@ICST-20,
  author = {Pham, Van-Thuam and B{\"o}hme, Marcel and Roychoudhury, Abhik},
  title = {{AFLNET}: A Greybox Fuzzer for Network Protocols}, 
  booktitle = {13th Intern. Conf. on Software Testing, Validation and Verification (ICST 2020)}, 
  pages = {460--465},
  month = oct,
  year = {2020},
  publisher = {IEEE},
  url = {https://ieeexplore.ieee.org/document/9159093},
  doi = {10.1109/ICST46399.2020.00062},
}

@InProceedings{Snipuzz@CCS-21,
  author   = {Xiaotao Feng and
              Ruoxi Sun and
              Xiaogang Zhu and
              Minhui Xue and
              Sheng Wen and
              Dongxi Liu and
              Surya Nepal and
              Yang Xiang},
  OPTeditor = {Yongdae Kim and Jong Kim and Giovanni Vigna and Elaine Shi},
  title     = {Snipuzz: Black-box Fuzzing of {IoT} Firmware via Message Snippet Inference},
  booktitle = {{CCS} '21: 2021 {ACM} {SIGSAC} Conference on Computer and Communications
               Security},
  pages     = {337--350},
  publisher = {{ACM}},
  month     = nov,
  year      = {2021},
  url       = {https://doi.org/10.1145/3460120.3484543},
  doi       = {10.1145/3460120.3484543},
}

@Article{StateAFL@ESE-22,
  author    = {Roberto Natella},
  title     = {{StateAFL}: Greybox fuzzing for stateful network servers},
  journal   = {Empir. Softw. Eng.},
  volume    = {27},
  number    = {7},
  pages     = {191},
  month     = oct,
  year      = {2022},
  url       = {https://doi.org/10.1007/s10664-022-10233-3},
  doi       = {10.1007/s10664-022-10233-3},
}

@InProceedings {AFL++@Woot-20,
  author    = {Andrea Fioraldi and Dominik Maier and Heiko Ei{\ss}feldt and Marc Heuse},
  title     = {{AFL++}: Combining Incremental Steps of Fuzzing Research},
  booktitle = {14th {USENIX} Workshop on Offensive Technologies ({WOOT} 20)},
  month     = aug,
  year      = {2020},
  publisher = {{USENIX} Association},
}

@InProceedings{OSS-Fuzz@USENIX-17,
  author    = {Kostya Serebryany},
  title     = {{OSS-Fuzz}: Google's continuous fuzzing service for open source software},
  booktitle = {26th {USENIX} Security Symposium},
  location  = {Vancouver, BC, Canada},
  month     = aug,
  year      = {2017},
  publisher = {USENIX Association}
}

@misc{ietf-lake-edhoc-18,
  author = {Göran Selander and John Preuß Mattsson and Francesca Palombini},
  title = {{Ephemeral Diffie-Hellman Over COSE (EDHOC)}},
  numpages = {99},
  OPThowpublished = {draft-ietf-lake-edhoc-18},
  type = {Internet-Draft},
  month = nov,
  year = {2022},
  publisher = {Internet Engineering Task Force},
  institution = {Internet Engineering Task Force},
  url = {https://datatracker.ietf.org/doc/draft-ietf-lake-edhoc/18/},
}

@InProceedings{EvaluatingFuzz@CCS-18, 
  author = {Klees, George and Ruef, Andrew and Cooper, Benji and Wei, Shiyi and Hicks, Michael},
  title = {Evaluating Fuzz Testing},
  booktitle = {Proceedings of the Conference on Computer and Communications Security},
  series = {CCS '18},
  pages = {2123--2138},
  location = {Toronto, Canada},
  numpages = {16},
  year = {2018},
  isbn = {9781450356930},
  publisher = {ACM},
  address = {New York, NY, USA},
  url = {https://doi.org/10.1145/3243734.3243804},
  doi = {10.1145/3243734.3243804},
}

@Article{Magma@POMACS-20,
  author = {Hazimeh, Ahmad and Herrera, Adrian and Payer, Mathias},
  title = {Magma: A Ground-Truth Fuzzing Benchmark},
  journal = {Proc. ACM Meas. Anal. Comput. Syst.},
  volume = {4},
  number = {3},
  articleno = {49},
  numpages = {29},
  month = nov, 
  year = {2020},
  issue_date = {December 2020},
  publisher = {ACM},
  address = {New York, NY, USA},
  url = {https://doi.org/10.1145/3428334},
  doi = {10.1145/3428334},
} 

@InProceedings{UNIFUZZ@USENIX-21,
  author = {Li, Yuwei and Ji, Shouling and Chen, Yuan and Liang, Sizhuang and Lee, Wei-Han and others},
  title = {{UNIFUZZ}: A Holistic and Pragmatic Metrics-Driven Platform for Evaluating Fuzzers},
  booktitle = {30th {USENIX} Security Symposium},
  pages = {2777--2794},
  month = aug,
  year = {2021},
  publisher = {{USENIX} Association},
  url = {https://www.usenix.org/conference/usenixsecurity21/presentation/li-yuwei},
}

@InProceedings{FIXREVERTER@USENIX-22,
  author      = {Zenong Zhang and
                  Zach Patterson and
                  Michael Hicks and
                  Shiyi Wei},
  OPTeditor   = {Kevin R. B. Butler and Kurt Thomas},
  title       = {{FIXREVERTER:} {A} Realistic Bug Injection Methodology for Benchmarking
                  Fuzz Testing},
  booktitle   = {31st {USENIX} Security Symposium},
  pages       = {3699--3715},
  publisher   = {{USENIX} Association},
  OPTmonth    = aug,
  year        = {2022},
  url         = {https://www.usenix.org/conference/usenixsecurity22/presentation/zhang-zenong},
}